<?xml version="1.0" encoding="UTF-8"?><collection xmlns="http://www.loc.gov/MARC21/slim"><record><leader>00351nam--2200121-i-4500</leader><controlfield tag="001">000022412</controlfield><controlfield tag="002">20161230</controlfield><controlfield tag="005">20161230201034</controlfield><controlfield tag="008">060222s1000------------r-----000-0-eng-d</controlfield><datafield ind1=" " ind2=" " tag="100"><subfield code="a">Grunwald, Ernest</subfield></datafield><datafield ind1=" " ind2=" " tag="245"><subfield code="a">Johnsen russell h</subfield></datafield><datafield ind1=" " ind2=" " tag="260"><subfield code="a">Atoms, Molecules And Chemical Change.2nd. Edition</subfield></datafield><datafield ind1=" " ind2=" " tag="490"><subfield code="a">Englewood Cliffs,N.J.,Prentice-hall, Inc., 1965.354p</subfield></datafield></record></collection>